%EXAMPLE (commented out)
%@article{veytsmanlatex,
%  title={\LaTeX\ Class for Association for Computing Machinery},
%  author={Veytsman, Boris},
%  year={2016},
%}


@inproceedings{goldwasser-2002,
author = {Goldwasser, Michael H.},
title = {A Gimmick to Integrate Software Testing throughout the Curriculum},
year = {2002},
isbn = {1581134738},
publisher = {Association for Computing Machinery},
address = {New York, NY, USA},
url = {https://doi.org/10.1145/563340.563446},
doi = {10.1145/563340.563446},
booktitle = {Proceedings of the 33rd SIGCSE Technical Symposium on Computer Science Education},
pages = {271–275},
numpages = {5},
location = {Cincinnati, Kentucky},
series = {SIGCSE ’02}
}

@inproceedings{edwards-2012,
author = {Edwards, Stephen H. and Shams, Zalia and Cogswell, Michael and Senkbeil, Robert C.},
title = {Running Students’ Software Tests against Each Others’ Code: New Life for an Old “Gimmick”},
year = {2012},
isbn = {9781450310987},
publisher = {Association for Computing Machinery},
address = {New York, NY, USA},
url = {https://doi.org/10.1145/2157136.2157202},
doi = {10.1145/2157136.2157202},
booktitle = {Proceedings of the 43rd ACM Technical Symposium on Computer Science Education},
pages = {221–226},
numpages = {6},
keywords = {programming assignments, software testing, reflection, test-driven development, bytecode transformation, test coverage, automated assessment},
location = {Raleigh, North Carolina, USA},
series = {SIGCSE ’12}
}

@INPROCEEDINGS{buffardi-2018,  
author={K. {Buffardi} and P. {Valdivia}},  
booktitle={2018 IEEE Frontiers in Education Conference (FIE)},   
title={Bug Hide-and-Seek: An Educational Game for Investigating Verification Accuracy in Software Tests},   year={2018},  
volume={},  
number={},  
pages={1-8},
}

@INPROCEEDINGS{buffardi-jan2019,  
author={K. {Buffardi} and P. {Valdivia}},  
booktitle={Proceedings of the 52nd Hawaii International Conference on System Sciences},   
title={The Significance of Positive Verification in Unit Test Assessment},   
year={2019},  
volume={},  
number={},  
pages={1-8},
}

@inproceedings{buffardi-feb2019,
author = {Buffardi, Kevin and Valdivia, Pedro and Rogers, Destiny},
title = {Measuring Unit Test Accuracy},
year = {2019},
isbn = {9781450358903},
publisher = {Association for Computing Machinery},
address = {New York, NY, USA},
url = {https://doi.org/10.1145/3287324.3287351},
doi = {10.1145/3287324.3287351},
booktitle = {Proceedings of the 50th ACM Technical Symposium on Computer Science Education},
pages = {578–584},
numpages = {7},
keywords = {verification, software testing, unit test, function under test},
location = {Minneapolis, MN, USA},
series = {SIGCSE ’19}
}
  
@inproceedings{bowes-2017,
author = {Bowes, David and Hall, Tracy and Petri\'{c}, Jean and Shippey, Thomas and Turhan, Burak},
title = {How Good Are My Tests?},
year = {2017},
isbn = {9781538628072},
publisher = {IEEE Press},
booktitle = {Proceedings of the 8th Workshop on Emerging Trends in Software Metrics},
pages = {9–14},
numpages = {6},
keywords = {metrics, unit testing, test quality},
location = {Buenos Aires, Argentina},
series = {WETSoM ’17}
}
  
@inproceedings{edwards-2004,
author = {Edwards, Stephen H.},
title = {Using Software Testing to Move Students from Trial-and-Error to Reflection-in-Action},
year = {2004},
isbn = {1581137982},
publisher = {Association for Computing Machinery},
address = {New York, NY, USA},
url = {https://doi.org/10.1145/971300.971312},
doi = {10.1145/971300.971312},
booktitle = {Proceedings of the 35th SIGCSE Technical Symposium on Computer Science Education},
pages = {26–30},
numpages = {5},
keywords = {automated grading, pedagogy, extreme programming, test-driven development, CS1},
location = {Norfolk, Virginia, USA},
series = {SIGCSE ’04}
}
  